%% This BibTeX bibliography file was created using BibDesk.
%% https://bibdesk.sourceforge.io/

%% Created for Codifly at 2019-08-23 06:24:10 +0200 


%% Saved with string encoding Unicode (UTF-8) 


@comment{jabref-meta: databaseType:biblatex;}



@manual{Relic2016,
	Author = {New Relic},
	Date-Added = {2019-08-23 06:22:33 +0200},
	Date-Modified = {2019-08-23 06:23:51 +0200},
	Organization = {New Relic},
	Title = {Page load timing process},
	Bdsk-Url-1 = {https://docs.newrelic.com/docs/browser/new-relic-browser/page-load-timing-resources/page-load-timing-process}}

@article{Taub2017,
	Author = {Craig Taub},
	Date-Added = {2019-08-22 19:11:13 +0200},
	Date-Modified = {2019-08-22 19:12:12 +0200},
	Journal = {Medium},
	Title = {Key front-end performance metrics and how to capture them},
	Year = {2017},
	Bdsk-Url-1 = {https://medium.com/@tabu_craig/key-front-end-performance-metrics-and-how-to-capture-them-cae067dada7f}}

@article{McGee2010,
	Author = {Mat McGee},
	Date-Added = {2019-08-22 00:32:55 +0200},
	Date-Modified = {2019-08-22 00:34:23 +0200},
	Journal = {Search Engine Land},
	Title = {It's Official: Google Now Counts Site Speed As A Ranking Factor},
	Year = {2010},
	Bdsk-Url-1 = {https://searchengineland.com/google-now-counts-site-speed-as-ranking-factor-39708}}

@article{Meder2017,
	Author = {Sam Meder, Vadim Antonov, Jeff Chang},
	Date-Added = {2019-08-22 00:16:22 +0200},
	Date-Modified = {2019-08-22 00:19:24 +0200},
	Journal = {Medium},
	Title = {Driving user growth with performance improvements},
	Year = {2017},
	Bdsk-Url-1 = {https://medium.com/pinterest-engineering/driving-user-growth-with-performance-improvements-cfc50dafadd7#.wwimdmkpp}}

@article{Palmer2016,
	Author = {Oliver Palmer},
	Date-Added = {2019-08-22 00:14:44 +0200},
	Date-Modified = {2019-08-22 00:16:15 +0200},
	Journal = {Optimizely blog},
	Title = {How Does Page Load Time Impact Engagement?},
	Year = {2016},
	Bdsk-Url-1 = {https://blog.optimizely.com/2016/07/13/how-does-page-load-time-impact-engagement/}}

@article{Everts2016,
	Author = {Tammy Everts},
	Date-Added = {2019-08-20 23:51:24 +0200},
	Date-Modified = {2019-08-20 23:53:44 +0200},
	Journal = {Akamai Developer},
	Title = {Mobile Load Time and User Abandonment},
	Year = {2016},
	Bdsk-Url-1 = {https://developer.akamai.com/blog/2016/09/14/mobile-load-time-user-abandonment}}

@book{Martin2008,
	Author = {Robert C. Martin},
	Date-Added = {2019-05-28 18:42:50 +0200},
	Date-Modified = {2019-05-28 18:44:44 +0200},
	Publisher = {Prentice Hall},
	Title = {Clean Code: A Handbook of Agile Software Craftsmanship},
	Year = {2008}}

@article{Carette2011,
	Author = {Pieter Carette},
	Date-Added = {2019-05-17 20:40:37 +0200},
	Date-Modified = {2019-05-17 20:42:04 +0200},
	Journal = {SITEOPTIMO},
	Title = {Onderzoek: een snelle website = meer bezoekers},
	Year = {2011},
	Bdsk-Url-1 = {https://www.siteoptimo.com/blog/snelheid-website}}

@article{Aston2015,
	Author = {Ben Aston},
	Date-Added = {2019-05-15 21:05:13 +0200},
	Date-Modified = {2019-05-15 21:05:58 +0200},
	Journal = {Medium},
	Title = {A brief history of javaScript},
	Year = {2015},
	Bdsk-Url-1 = {https://medium.com/@benastontweet/lesson-1a-the-history-of-javascript-8c1ce3bffb17}}

@article{Mazaika2017,
	Author = {Ken Mazaika},
	Date-Added = {2019-05-13 19:51:13 +0200},
	Date-Modified = {2019-05-13 19:55:38 +0200},
	Journal = {Forbes},
	Title = {Will the demand of developers continue to increase?},
	Year = {2017},
	Bdsk-Url-1 = {https://www.forbes.com/sites/quora/2017/01/20/will-the-demand-for-developers-continue-to-increase/}}
